% @online{,
%   title        = {},
%   organization = {},
%   urldate      = {},
%   url          = {},
% }
